@book{faddeev2010,
  author = {Фаддеев, М. А.},
  title = {Элементарная обработка результатов эксперимента: Учебное пособие},
  address = {Нижний Новгород},
  publisher = {Издательство Нижегородского государственного университета},
  year = {2010},
  pagetotal = {122},
  language = {russian}
}

@book{Ivanov1979,
  author    = {Иванов, П. Б.},
  title     = {Измерение ЭДС и напряжений методом компенсации: Методическая разработка},
  year      = {1979},
  address   = {Горький},
  publisher = {ГГУ}
}

@book{Sivukhin2002,
  author    = {Сивухин, Д. В.},
  title     = {Курс общей физики. Т. 3. Электричество},
  year      = {2002},
  address   = {М.},
  publisher = {Физматлит}
}

@manual{Pikulin2004,
  author    = {Пикулин, В. Д.},
  title     = {Измерение ЭДС компенсационным методом: Описание к лабораторной работе},
  year      = {2004},
  address   = {Н. Новгород},
  publisher = {ННГУ},
  note      = {11~с.},
  langid    = {russian}
}